@article{example2024,
  title        = {Example Article for Testing},
  author       = {Test Author},
  journal      = {Test Journal},
  year         = 2024
}
