@article{einstein1905,
    author = {Einstein, Albert},
    title = {On the Electrodynamics of Moving Bodies},
    journal = {Annalen der Physik},
    volume = {17},
    number = {10},
    pages = {891--921},
    year = {1905},
    doi = {10.1002/andp.19053221004}
}

@book{newton1687,
    author = {Newton, Isaac},
    title = {Philosophiae Naturalis Principia Mathematica},
    publisher = {Royal Society},
    year = {1687},
    isbn = {978-0-521-07647-1}
}

@inproceedings{smith2023,
    author = {Smith, John and Johnson, Mary},
    title = {Advanced Machine Learning Techniques for Document Analysis},
    booktitle = {Proceedings of the International Conference on AI},
    pages = {123--135},
    year = {2023},
    publisher = {ACM},
    doi = {10.1145/1234567.1234568}
}

@article{jones2022,
    author = {Jones, Robert and Brown, Sarah},
    title = {Natural Language Processing in Scientific Literature},
    journal = {Journal of Computational Linguistics},
    volume = {48},
    number = {3},
    pages = {456--478},
    year = {2022},
    doi = {10.1162/coli_a_00432}
}

@techreport{doe2021,
    author = {Doe, Jane},
    title = {A Comprehensive Survey of RAG Systems},
    institution = {Technical University},
    year = {2021},
    number = {TR-2021-001}
}

@conference{wilson2020,
    author = {Wilson, David and Taylor, Lisa},
    title = {Retrieval-Augmented Generation for Scientific Documents},
    booktitle = {Workshop on Scientific Document Processing},
    year = {2020},
    pages = {45--52}
}
