@article{Bazarevsky_2020,
  title={Blazepose: On-device real-time body pose tracking},
  author={Bazarevsky, Valentin and Grishchenko, Ivan and Raveendran, Karthik and Zhu, Tyler and Zhang, Fan and Grundmann, Matthias},
  DOI={10.48550/arXiv.2006.10204},
  journal={arXiv preprint arXiv:2006.10204},
  year={2020}
}

@article{Bisong_2019,
  title={Google colaboratory},
  author={Bisong, Ekaba and Bisong, Ekaba},
  DOI={10.1007/978-1-4842-4470-8},
  journal={Building machine learning and deep learning models on google cloud platform: a comprehensive guide for beginners},
  pages={59--64},
  year={2019},
  publisher={Springer}
}

@article{Boswell_2023,
  title={Smartphone videos of the sit-to-stand test predict osteoarthritis and health outcomes in a nationwide study},
  author={Boswell, Melissa A and Kidzi{\'n}ski, {\L}ukasz and Hicks, Jennifer L and Uhlrich, Scott D and Falisse, Antoine and Delp, Scott L},
  DOI={10.1038/s41746-023-00775-1},
  journal={npj Digital Medicine},
  volume={6},
  number={1},
  pages={32},
  year={2023},
  publisher={Nature Publishing Group UK London}
}

@article{Bradski_2000,
  author = {Bradski, G.},
  citeulike-article-id = {2236121},
  journal = {Dr. Dobb's Journal of Software Tools},
  keywords = {bibtex-import},
  posted-at = {2008-01-15 19:21:54},
  priority = {4},
  title = {The OpenCV Library},
  year = {2000}
}

@article{Bright_2012,
  title={Effect of clinical decision-support systems: a systematic review},
  author={Bright, Tiffani J and Wong, Anthony and Dhurjati, Ravi and Bristow, Erin and Bastian, Lori and Coeytaux, Remy R and Samsa, Gregory and Hasselblad, Vic and Williams, John W and Musty, Michael D and others},
  DOI={10.7326/0003-4819-157-1-201207030-00450},
  journal={Annals of internal medicine},
  volume={157},
  number={1},
  pages={29--43},
  year={2012},
  publisher={American College of Physicians}
}

@article{Butterworth_1930,
  title={On the theory of filter amplifiers},
  author={Butterworth, Stephen},
  journal={Wireless Engineer},
  volume={7},
  number={6},
  pages={536--541},
  year={1930}
}

@article{Cao_2019,
  title={OpenPose: realtime multi-person 2D pose estimation using Part Affinity Fields},
  author={Cao, Zhe and Hidalgo, Gines and Simon, Tomas and Wei, Shih-En and Sheikh, Yaser},
  journal={IEEE transactions on pattern analysis and machine intelligence},
  volume={43},
  number={1},
  pages={172--186},
  year={2019},
  URL = {https://arxiv.org/abs/1611.08050},
  DOI = {10.1109/TPAMI.2019.2929257},
  publisher={IEEE}
}

@article{Cleveland_1981,
  title={LOWESS: A program for smoothing scatterplots by robust locally weighted regression},
  author={Cleveland, William S},
  DOI={10.2307/2683591},
  journal={American Statistician},
  volume={35},
  number={1},
  pages={54},
  year={1981}
}

@article{Colyer_2018,
  title={A review of the evolution of vision-based motion analysis and the integration of advanced computer vision methods towards developing a markerless system},
  author={Colyer, Steffi L and Evans, Murray and Cosker, Darren P and Salo, Aki IT},
  journal={Sports medicine-open},
  DOI={10.1186/s40798-018-0139-y},
  volume={4},
  number={1},
  pages={1--15},
  year={2018},
  publisher={SpringerOpen}
}

@article{Delp_2007,
  title={OpenSim: open-source software to create and analyze dynamic simulations of movement},
  author={Delp, Scott L and Anderson, Frank C and Arnold, Allison S and Loan, Peter and Habib, Ayman and John, Chand T and Guendelman, Eran and Thelen, Darryl G},
  journal={IEEE transactions on biomedical engineering},
  volume={54},
  number={11},
  pages={1940--1950},
  year={2007},
  URL = {https://ieeexplore.ieee.org/abstract/document/4352056},
  DOI = {10.1109/TBME.2007.901024},
  publisher={IEEE}
}

@article{Di_2021,
  title={A 2D qualitative movement assessment of a deceleration task detects football players with high knee joint loading},
  author={Di Paolo, Stefano and Zaffagnini, Stefano and Tosarelli, Filippo and Aggio, Fabrizio and Bragonzoni, Laura and Grassi, Alberto and Della Villa, Francesco},
  DOI={10.1007/s00167-021-06709-2},
  journal={Knee Surgery, Sports Traumatology, Arthroscopy},
  volume={29},
  pages={4032--4040},
  year={2021},
  publisher={Springer}
}

@article{Jiang_2023,
  title={RTMPose: Real-Time Multi-Person Pose Estimation based on MMPose}, 
  author={Tao Jiang and Peng Lu and Li Zhang and Ningsheng Ma and Rui Han and Chengqi Lyu and Yining Li and Kai Chen},
  DOI={10.48550/arXiv.2303.07399},
  journal={arXiv},
  year={2023},
  eprint={2303.07399},
  archivePrefix={arXiv},
  primaryClass={cs.CV},
  url={https://arxiv.org/abs/2303.07399}, 
}

@article{Kidzinski_2020,
  title={Deep neural networks enable quantitative movement analysis using single-camera videos},
  author={Kidzi{\'n}ski, {\L}ukasz and Yang, Bryan and Hicks, Jennifer L and Rajagopal, Apoorva and Delp, Scott L and Schwartz, Michael H},
  DOI={10.1038/s41467-020-17807-z},
  journal={Nature communications},
  volume={11},
  number={1},
  pages={4054},
  year={2020},
  publisher={Nature Publishing Group UK London}
}

@misc{Kinovea,
  author = {Kinovea},
  title = {Kinovea - A microscope for your videos},
  year = {},
  publisher = {GitHub},
  url = {https://www.kinovea.org/features.html},
  howpublished = {\url{https://www.kinovea.org/features.html}}
}

@article{Mathis_2018,
  title={DeepLabCut: markerless pose estimation of user-defined body parts with deep learning},
  author={Mathis, Alexander and Mamidanna, Pranav and Cury, Kevin M and Abe, Taiga and Murthy, Venkatesh N and Mathis, Mackenzie Weygandt and Bethge, Matthias},
  journal={Nature neuroscience},
  volume={21},
  number={9},
  pages={1281--1289},
  year={2018},
  URL = {https://www.nature.com/articles/s41593-018-0209-y},
  DOI = {10.1038/s41593-018-0209-y},
  publisher={Nature Publishing Group}
}

@article{Minssen_2020,
  title={Clinical trial data transparency and GDPR compliance: Implications for data sharing and open innovation},
  author={Minssen, Timo and Rajam, Neethu and Bogers, Marcel},
  DOI={10.2139/ssrn.3413035},
  journal={Science and Public Policy},
  volume={47},
  number={5},
  pages={616--626},
  year={2020},
  publisher={Oxford University Press}
}

@article{ODonoghue_2008,
  title={Principal components analysis in the selection of key performance indicators in sport},
  author={O’Donoghue, Peter},
  doi={10.1080/24748668.2008.11868456},
  journal={International Journal of Performance Analysis in Sport},
  volume={8},
  number={3},
  pages={145--155},
  year={2008},
  publisher={Taylor \& Francis}
}

@article{Pagnon_2022a, 
  author = {Pagnon, David and {\sortcite{Pagnonb}}Domalain, Mathieu and Reveret, Lionel}, 
  title = {Pose2Sim: An open-source Python package for multiview markerless kinematics}, 
  journal = {Journal of Open Source Software}, 
  publisher = {The Open Journal},
  year = {2022},
  doi = {10.21105/joss.04362}, 
  url = {https://joss.theoj.org/papers/10.21105/joss.04362},
  volume = {7}, 
  number = {77}, 
  pages = {4362}
 }

@inproceedings{Pagnon_2022b,
  title = {{A 3D markerless protocol with action cameras – Key performance indicators in boxing}},
  author = {Pagnon, David and {\sortcite{Pagnonc}}Domalain, Mathieu and Robert, Thomas and Lahkar, Bhrigu-Kumar and Moussa, Issa and Sauli{\`e}re, Guillaume and Goyallon, Thibault and Reveret, Lionel},
  booktitle={2022 Congress of the European College of Sport Science (ECSS)},
  url = {https://hal.archives-ouvertes.fr/hal-03790926},
  note = {Poster},
  year = {2022}
}

@article{Patrizi_2016,
  title={Comparison between low-cost marker-less and high-end marker-based motion capture systems for the computer-aided assessment of working ergonomics},
  author={Patrizi, Alfredo and Pennestr{\`\i}, Ettore and Valentini, Pier Paolo},
  DOI={10.1080/00140139.2015.1057238},
  journal={Ergonomics},
  volume={59},
  number={1},
  pages={155--162},
  year={2016},
  publisher={Taylor \& Francis}
}

@article{Seth_2018,
  DOI = {10.1371/journal.pcbi.1006223},
  author = {Seth, Ajay AND Hicks, Jennifer L. AND Uchida, Thomas K. AND Habib, Ayman AND Dembia, Christopher L. AND Dunne, James J. AND Ong, Carmichael F. AND DeMers, Matthew S. AND Rajagopal, Apoorva AND Millard, Matthew AND Hamner, Samuel R. AND Arnold, Edith M. AND Yong, Jennifer R. AND Lakshmikanth, Shrinidhi K. AND Sherman, Michael A. AND Ku, Joy P. AND Delp, Scott L.},
  journal = {PLOS Computational Biology},
  publisher = {Public Library of Science},
  title = {OpenSim: Simulating musculoskeletal dynamics and neuromuscular control to study human and animal movement},
  year = {2018},
  month = {07},
  volume = {14},
  url = {https://doi.org/10.1371/journal.pcbi.1006223},
  pages = {1-20},
  number = {7},
}

 @article{Uhlrich_2022,
  title={OpenCap: 3D human movement dynamics from smartphone videos},
  url={https://www.biorxiv.org/content/10.1101/2022.07.07.499061v1}, 
  DOI={10.1101/2022.07.07.499061}, 
  publisher={bioRxiv}, 
  author={Uhlrich, Scott D. and Falisse, Antoine and Kidziński, Łukasz and Muccini, Julie and Ko, Michael and Chaudhari, Akshay S. and Hicks, Jennifer L. and Delp, Scott L.}, 
  year={2022}, 
  month={Jul}, 
  pages={2022.07.07.499061}
}

@article{Venkatesh_2012,
  title={Consumer acceptance and use of information technology: extending the unified theory of acceptance and use of technology},
  author={Venkatesh, Viswanath and Thong, James YL and Xu, Xin},
  DOI={10.2307/41410412},
  journal={MIS quarterly},
  pages={157--178},
  year={2012},
  publisher={JSTOR}
}

@article{Wade_2022,
  title={Applications and limitations of current markerless motion capture methods for clinical gait biomechanics},
  author={Wade, Logan and Needham, Laurie and McGuigan, Polly and Bilzon, James},
  DOI={10.7717/peerj.12995},
  journal={PeerJ},
  volume={10},
  pages={e12995},
  year={2022},
  publisher={PeerJ Inc.}
}

@book{Whittle_2014,
  title={Gait analysis: an introduction},
  author={Whittle, Michael W},
  year={2014},
  publisher={Butterworth-Heinemann}
}

@book{winter2009biomechanics,
  title={Biomechanics and motor control of human movement},
  author={Winter, David A},
  year={2009},
  publisher={John wiley \& sons}
}

@article{Zheng_2023,
  title={Deep learning-based human pose estimation: A survey},
  author={Zheng, Ce and Wu, Wenhan and Chen, Chen and Yang, Taojiannan and Zhu, Sijie and Shen, Ju and Kehtarnavaz, Nasser and Shah, Mubarak},
  DOI={10.1145/3603618},
  journal={ACM Computing Surveys},
  volume={56},
  number={1},
  pages={1--37},
  year={2023},
  publisher={ACM New York, NY}
}
