@article{Schultheis2025ManyBody,
      title={Many-body post-processing of density functional calculations using the variational quantum eigensolver for Bader charge analysis},
      url={https://arxiv.org/abs/2510.12887},
      DOI={10.48550/ARXIV.2510.12887},
      publisher={arXiv},
      author={Schultheis, Erik and Rehn, Alexander and Breuil, Gabriel},
      year={2025}
}
