@article{cuntz:2011,
  title={The TREES toolboxâ€”probing the basis of axonal and dendritic branching},
  author={Cuntz, Hermann and Forstner, Friedrich and Borst, Alexander and H{\"a}usser, Michael},
  journal={Neuroinformatics},
  volume={9},
  number={1},
  pages={91--96},
  year={2011},
  publisher={Springer},
  doi={10.1007/s12021-010-9093-7}
}

@article{li:2017,
  title={Metrics for comparing neuronal tree shapes based on persistent homology},
  author={Li, Yanjie and Wang, Dingkang and Ascoli, Giorgio A and Mitra, Partha and Wang, Yusu},
  journal={PLOS ONE},
  volume={12},
  number={8},
  year={2017},
  publisher={Public Library of Science},
  doi={10.1371/journal.pone.0182184}
}

@article{kanari:2018,
  title={A topological representation of branching neuronal morphologies},
  author={Kanari, Lida and D{\l}otko, Pawe{\l} and Scolamiero, Martina and Levi, Ran and Shillcock, Julian and Hess, Kathryn and Markram, Henry},
  journal={Neuroinformatics},
  volume={16},
  number={1},
  pages={3--13},
  year={2018},
  publisher={Springer},
  doi={10.1007/s12021-017-9341-1}
}

@article{laturnus:2019,
  title={A systematic evaluation of neural morphology representations for cell type discrimination},
  author={Laturnus, Sophie and Kobak, Dmitry and Berens, Philipp},
  journal={BioRxiv},
  pages={591370},
  year={2019},
  publisher={Cold Spring Harbor Laboratory}
}

@article{scala:2019,
  title={Layer 4 of mouse neocortex differs in cell types and circuit organization between sensory areas},
  author={Scala, Federico and Kobak, Dmitry and Shan, Shen and Bernaerts, Yves and Laturnus, Sophie and Cadwell, Cathryn Rene and Hartmanis, Leonard and Froudarakis, Emmanouil and Castro, Jesus Ramon and Tan, Zheng Huan and others},
  journal={Nature Communications},
  volume={10},
  number={1},
  pages={1--12},
  year={2019},
  publisher={Nature Publishing Group},
  doi={10.1038/s41467-019-12058-z}
}

@article{scala:2020,
  title={Phenotypic variation within and across transcriptomic cell types in mouse motor cortex},
  author={Scala, Federico and Kobak, Dmitry and Bernabucci, Matteo and Bernaerts, Yves and Cadwell, Cathryn R and Castro, Jesus R and Hartmanis, Leonard and Jiang, Xiaolong and Laturnus, Sophie R and Miranda, Elanine and others},
  journal={bioRxiv},
  year={2020},
  publisher={Cold Spring Harbor Laboratory},
  doi={10.1101/2020.02.03.929158}
}

@misc{neurom,
  author = {BBP},
  title = {NeuroM},
  publisher = {GitHub},
  journal = {GitHub repository},
  url = {https://github.com/BlueBrain/NeuroM}
}

@article{scorcioni:2008,
  title={L-Measure: a web-accessible tool for the analysis, comparison and search of digital reconstructions of neuronal morphologies},
  author={Scorcioni, Ruggero and Polavaram, Sridevi and Ascoli, Giorgio A},
  journal={Nature Protocols},
  volume={3},
  number={5},
  pages={866},
  year={2008},
  publisher={Nature Publishing Group},
  doi={10.1038/nprot.2008.51}
}

@article{jefferis:2007,
  title={Comprehensive maps of Drosophila higher olfactory centers: spatially segregated fruit and pheromone representation},
  author={Jefferis, Gregory SXE and Potter, Christopher J and Chan, Alexander M and Marin, Elizabeth C and Rohlfing, Torsten and Maurer Jr, Calvin R and Luo, Liqun},
  journal={Cell},
  volume={128},
  number={6},
  pages={1187--1203},
  year={2007},
  publisher={Elsevier},
  doi={10.1016/j.cell.2007.01.040}
}
@techreport{hagberg:2008,
  title={Exploring network structure, dynamics, and function using {NetworkX}},
  author={Hagberg, Aric and Swart, Pieter and S Chult, Daniel},
  year={2008},
  institution={Los Alamos National Lab. (LANL), Los Alamos, NM, United States}
}
