@misc{AAL_atlas,
	title = {AAL template for SPM 12},
	howpublished = {\url{http://www.gin.cnrs.fr/AAL-217?lang=en}},
	note = {Accessed: 2021-05-19}
}
