@article{example2024,
  title        = {Example Reference for Figure Positioning},
  author       = {Example Author},
  journal      = {Example Journal},
  year         = 2024,
  volume       = 1,
  number       = 1,
  pages        = {1--10}
}
