
@misc{ponon_cemento_2025,
	title = {cemento: {A} package to view and write ontologies directly from draw.io diagram files.},
	shorttitle = {cemento},
	url = {https://github.com/cwru-sdle/CEMENTO},
	urldate = {2025-07-28},
	author = {Ponon, Gabriel O. and Rajamohan, Balashanmuga Priyan and Frakes, Ethan and Sharma, Hemant and French, Roger},
	month = jul,
	year = {2025},
	file = {Snapshot:/Users/gabbython/Zotero/storage/SIW6V5IW/CEMENTO.html:text/html},
}
